<record><leader>00000cas a22000007a 4500</leader><controlfield tag="001">21554738</controlfield><controlfield tag="008">900518d1969197umduwr ne      0    0eng d</controlfield><datafield ind1=" " ind2=" " tag="010"><subfield code="a">sn 90057145 </subfield></datafield><datafield ind1=" " ind2=" " tag="040"><subfield code="a">MFN</subfield><subfield code="b">eng</subfield><subfield code="c">MFN</subfield><subfield code="d">OCLCQ</subfield></datafield><datafield ind1=" " ind2=" " tag="042"><subfield code="a">msc</subfield></datafield><datafield ind1="0" ind2=" " tag="130"><subfield code="a">Citizen news (Waldorf, Md.)</subfield></datafield><datafield ind1="1" ind2="4" tag="245"><subfield code="a">The citizen news.</subfield></datafield><datafield ind1=" " ind2=" " tag="260"><subfield code="a">Waldorf, Md. :</subfield><subfield code="b">Southern Md. Pub. Co.</subfield></datafield><datafield ind1=" " ind2=" " tag="300"><subfield code="a">v.</subfield></datafield><datafield ind1=" " ind2=" " tag="310"><subfield code="a">Weekly</subfield></datafield><datafield ind1="1" ind2=" " tag="362"><subfield code="a">Began in 1969?</subfield></datafield><datafield ind1=" " ind2=" " tag="588"><subfield code="a">Description based on: Vol. 7, no. 5 (May 15, 1975).</subfield></datafield><datafield ind1=" " ind2=" " tag="752"><subfield code="a">United States</subfield><subfield code="b">Maryland</subfield><subfield code="c">Charles</subfield><subfield code="d">Waldorf.</subfield></datafield></record>